% This file was created with JabRef 2.6.
% Encoding: MacRoman

@STRING{sscr = {Social Science Computer Review}}

@ARTICLE{Abadie+Diamond+Hainmueller:2011,
  author = {Alberto Abadie and Alexis Diamond and Jens Hainmueller},
  title = {\pkg{Synth}: An \proglang{R} Package for Synthetic Control Methods
	in Comparative Case Studies},
  journal = {Journal of Statistical Software},
  year = {2011},
  note = {Forthcoming},
  url = {http://www.jstatsoft.org/}
}

@ARTICLE{Aerts+Eisinger+Heuvelink+Stewart:2003,
  author = {Jeroen C.J.H. Aerts and Erwin Eisinger and Gerard B.M. Heuvelink
	and Theodor J. Stewart},
  title = {Using Linear Integer Programming for Multi-Site Land-Use Allocation},
  journal = {Geographical Analysis},
  year = {2003},
  volume = {35},
  pages = {148--69},
  number = {2}
}

@ARTICLE{Altman:1998,
  author = {Micah Altman},
  title = {Modeling the Effect of Mandatory District Compactness on Partisan
	Gerrymanders},
  journal = {Political Geography},
  year = {1998},
  volume = {17},
  pages = {989--1012},
  number = {8}
}

@PHDTHESIS{AltmanThesis,
  author = {Micah Altman},
  title = {Districting Principles and Democratic Representation},
  school = {California Institute of Technology},
  year = {1998},
  address = {Pasadena, California}
}

@ARTICLE{Altman:1997,
  author = {Micah Altman},
  title = {Is Automation the Answer: The Computational Complexity of Automated
	Redistricting},
  journal = {Rutgers Computer and Law Technology Journal},
  year = {1997},
  volume = {23},
  pages = {81--141},
  number = {1}
}

@ARTICLE{Altman+Jackman:2011,
  author = {Micah Altman and Simon Jackman},
  title = {Nineteen Ways of Looking at Statistical Software},
  journal = {Journal of Statistical Software},
  year = {2011},
  note = {Forthcoming},
  url = {http://www.jstatsoft.org/}
}

@ARTICLE{Altman+MacDonald+McDonald:2005,
  author = {Micah Altman and Karin MacDonald and Michael P. McDonald},
  title = {From Crayons to Computers: The Evolution of Computer Use in Redistricting},
  journal = {Social Science Computer Review},
  year = {2005},
  volume = {23},
  pages = {334--346},
  number = {3}
}

@ARTICLE{Altman+McDonald:2011,
  author = {Micah Altman and Michael P. McDonald},
  title = {\pkg{BARD}: Better Automated Redistricting},
  journal = {Journal of Statistical Software},
  year = {2011},
  note = {Forthcoming},
  url = {http://www.jstatsoft.org/}
}

@UNPUBLISHED{Altman+McDonald:2004,
  author = {Micah Altman and Michael P. McDonald },
  title = {A Computation-Intensive Method for Evaluating Intent in Redistricting},
  note = {Presented at the annual meeting of the Midwest Political Science
	Association},
  year = {2004},
  url = {http://maltman.hmdc.harvard.edu/papers/dividing.pdf}
}

@ARTICLE{Bailey+Katz:2011,
  author = {Delia Bailey and Jonathan N. Katz},
  title = {Implementing Panel-Corrected Standard Errors in \proglang{R}: The
	\pkg{pcse} Package},
  journal = {Journal of Statistical Software, Code Snippets},
  year = {2011},
  note = {Forthcoming},
  url = {http://www.jstatsoft.org/}
}

@BOOK{Balinski+Young:2001,
  title = {Fair Representation: Meeting the Ideal of One Man, One Vote},
  publisher = {Brookings Institution Press},
  year = {2001},
  author = {Michel L. Balinski and H. Peyton Young},
  address = {Washington, D.C}
}

@MANUAL{Bivand:2011,
  title = {\pkg{spdep}: Spatial Dependence: Weighting Schemes, Statistics and
	Models},
  author = {Roger Bivand},
  year = {2011},
  note = {\proglang{R}~package version~0.5-31},
  url = {http://CRAN.R-project.org/package=spdep}
}

@ARTICLE{Blum+Roli:2003,
  author = {C. Blum and A. Roli},
  title = {Metaheuristics in Combinatorial Optimization},
  journal = {ACM Computing Surveys},
  year = {2003},
  volume = {35},
  pages = {268--308},
  number = {3}
}

@INPROCEEDINGS{Cain+MacDonald+McDonald:2006,
  author = {Bruce Cain and Karin Mac Donald and Michael P. McDonald},
  title = {From Equality to Fairness: The Path of Political Reform Since Baker
	v. Carr},
  booktitle = {Party Lines},
  year = {2006},
  editor = {Bruce Cain and Thomas Mann},
  publisher = {Brookings Institution Press}
}

@ARTICLE{Cirincione+Darling+ORourke:2000,
  author = {C. Cirincione and T.A. Darling and T.G. O'Rourke},
  title = {Assessing South Carolina's 1990's Congressional Districting},
  journal = {Political Geography},
  year = {2000},
  volume = {19},
  pages = {189--211}
}

@BOOK{Cortona+Manzi+Pennisi+Ricci+Simeone:1999,
  title = {Evaluation and Optimization of Electoral Systems},
  publisher = {SIAM Press},
  year = {1999},
  author = {Pietro Grilli di Cortona and Cecilia Manzi and Aline Pennisi and
	Federica Ricca and Bruno Simeone},
  address = {Philadelphia}
}

@MANUAL{Eddelbuettel:2009,
  title = {\pkg{digest}: Create cryptographic hash digests of \proglang{R} objects},
  author = {Dirk Eddelbuettel},
  year = {2009},
  note = {\proglang{R}~package version~0.4.2},
  url = {http://CRAN.R-project.org/package=digest}
}

@ARTICLE{Engstrom+Wildgen:1977,
  author = {R.C. Engstrom and J. Wildgen},
  title = {Pruning Thorns from the Thicket: An Empirical Test of the Existence
	of Racial Gerrymandering},
  journal = {Legislative Studies Quarterly},
  year = {1977},
  volume = {4},
  pages = {465--479}
}

@ARTICLE{Feo+Resende:1989,
  author = {T.A. Feo and M.G.C. Resende},
  title = {A Probabilistic Heuristic for a Computationally Difficult Set Covering
	Problem},
  journal = {Operations Research Letters},
  year = {1989},
  volume = {8},
  pages = {67--71}
}

@ARTICLE{Forest:2004,
  author = {Benjamin Forest},
  title = {Information Sovereignty and GIS: the Evolution of 'Communities of
	Interest' in Political Redistricting},
  journal = {Political Geography},
  year = {2004},
  volume = {23},
  pages = {425--451}
}

@ARTICLE{Gelman+King:1994,
  author = {Andrew Gelman and Gary King},
  title = {A Unified Method of Evaluating Electoral Systems and Redistricting
	Plans},
  journal = {American Journal of Political Science},
  year = {1994},
  volume = {38},
  pages = {513-54}
}

@ARTICLE{Glover:1986,
  author = {Fred Glover},
  title = {Future Paths for Integer Programming and Links to Artificial Intelligence},
  journal = {Computers and Operations Research},
  year = {1986},
  volume = {13},
  pages = {533--549}
}

@INPROCEEDINGS{Grofman:1982,
  author = {Bernard Grofman},
  title = {For Single Member Districts Random is Not Equal},
  booktitle = {Representation and Redistricting Issues},
  year = {1982},
  editor = {Bernard Grofman and Arendt Lijphart and R. McKay and H. Scarrow},
  publisher = {Lexington Books}
}

@BOOK{Grofman+Handley:1992,
  title = {Minority Representation and the Quest for Voting Equality},
  publisher = {Cambridge University Press},
  year = {1992},
  author = {Bernard Grofman and Lisa Handley and Richard Niemi},
  location = {Cambridge}
}

@ARTICLE{Gronke+Wilson:1999,
  author = {Paul Gronke and J.M. Wilson},
  title = {Competing Redistricting Plans as Evidence of Political Motives},
  journal = {American Politics Quarterly},
  year = {1999},
  volume = {27},
  pages = {147--76},
  number = {2}
}

@BOOK{Gudgin+Taylor:1979,
  title = {Seats, Votes, and the Spatial Organization of Elections},
  publisher = {Pion Limited},
  year = {1979},
  author = {Graham Gudgin and Peter J. Taylor},
  location = {London}
}

@ARTICLE{Ho+Imai+King:2011,
  author = {Daniel E. Ho and Kosuke Imai and Gary King and Elizabeth A. Stuart},
  title = {\pkg{MatchIt}: Nonparametric Preprocessing for Parametric Causal
	Inference},
  journal = {Journal of Statistical Software},
  year = {2011},
  note = {Forthcoming},
  url = {http://www.jstatsoft.org/}
}

@ARTICLE{Imai+Lu:2011,
  author = {Kosuke Imai and Ying Lu and Aaron Strauss},
  title = {\pkg{eco}: \proglang{R} Package for Ecological Inference in $2 \times
	2$ Tables},
  journal = {Journal of Statistical Software},
  year = {2011},
  note = {Forthcoming},
  url = {http://www.jstatsoft.org/}
}

@ARTICLE{Jenkins+Shepherd:1970,
  author = {Michael A. Jenkins and John W. Shepherd},
  title = {Decentralizing High School Administration in Detroit: A computer
	Evaluation of Alternative Strategies of Political Control},
  journal = {Economic Geography},
  year = {1973},
  volume = {48},
  pages = {95--106}
}

@ARTICLE{Johnson:1982,
  author = {David S. Johnson},
  title = {The NP-Completeness Column: An Ongoing Guide},
  journal = {Journal of Algorithms},
  year = {1982},
  volume = {3},
  pages = {182--195}
}

@TECHREPORT{King+Palmquist+Adams+Altman+Benoit+Gay+Mayer+Reinhart:1997,
  author = {Gary King and Bradley Palmquist and Greg Adams and Micah Altman and
	Kenneth Benoit and Claudine Gay and Russ Mayer and Eric Reinhardt},
  title = {The Record of American Democracy, 1984-1990},
  institution = {ICPSR},
  year = {1997},
  number = {23623}
}

@BOOK{Knuth:1997,
  title = {The Art of Computer Programming: Seminumerical Algorithms},
  publisher = {Addison Wesley},
  year = {1997},
  author = {Donald Knuth},
  edition = {2nd}
}

@MANUAL{Lewin-Koh+Bivand:2011,
  title = {\pkg{maptools}: Tools for Reading and Handling Spatial Objects},
  author = {Nicholas J. Lewin-Koh and Roger Bivand},
  year = {2011},
  note = {\proglang{R}~package version~0.8-6},
  url = {http://CRAN.R-project.org/package=maptools}
}

@ARTICLE{Linzer+Lewis:2011,
  author = {Drew A. Linzer and Jeffrey B. Lewis},
  title = {\pkg{poLCA}: An \proglang{R} Package for Polytomous Variable Latent
	Class Analysis},
  journal = {Journal of Statistical Software},
  year = {2011},
  note = {Forthcoming},
  url = {http://www.jstatsoft.org/}
}

@ARTICLE{Martin+Quinn+Park:2011,
  author = {Andrew D. Martin and Kevin M. Quinn and Jong Hee Park},
  title = {\pkg{MCMCpack}: Markov Chain Monte Carlo in \proglang{R}},
  journal = {Journal of Statistical Software},
  year = {2011},
  note = {Forthcoming},
  url = {http://www.jstatsoft.org/}
}

@INPROCEEDINGS{McDonald:2006,
  author = {Michael P. McDonald},
  title = {Redistricting and District Competition},
  booktitle = {The Marketplace of Democracy: Electoral Competition in American Politics},
  year = {2006},
  editor = {M. P. McDonald and J. Samples},
  publisher = {Brookings Institution Press},
  location = {Washington, DC}
}

@ARTICLE{McDonald:2004,
  author = {Michael P. McDonald},
  title = {Comparative Analysis of United States Redistricting Institutions},
  journal = {State Politics and Policy Quarterly},
  year = {2004},
  volume = {4},
  pages = {371--96},
  number = {4}
}

@ARTICLE{MebaneJr.+Sekhon:2011,
  author = {Mebane, Jr., Walter R. and Jasjeet S. Sekhon},
  title = {Genetic Optimization Using Derivatives: The \pkg{rgenoud} Package
	for \proglang{R}},
  journal = {Journal of Statistical Software},
  year = {2011},
  note = {Forthcoming},
  url = {http://www.jstatsoft.org/}
}

@ARTICLE{Nagel:1965,
  author = {Stuart S. Nagel},
  title = {Simplified Bipartisan Computer Redistricting},
  journal = {The Stanford Law Review},
  year = {1965},
  volume = {17},
  pages = {863--869}
}

@ARTICLE{Niemi+Grofman+Carlucci+Hofeller:1991,
  author = {Richard Niemi and Bernard Grofman and Carl Carlucci and Thomas Hofeller},
  title = {Measuring Compactness and the Role of a Compactness Standard in a
	Test for Partisan and Racial Gerrymandering},
  journal = {Journal of Politics},
  year = {1991},
  volume = {53},
  pages = {1155--1179}
}

@ARTICLE{Niemi+Deegan:1978,
  author = {Richard G. Niemi and Deegan, John, Jr.},
  title = {A Theory of Political Districting},
  journal = {The American Political Science Review},
  year = {1978},
  volume = {72},
  pages = {1304--1323},
  number = {4}
}

@ARTICLE{Oloughlin:1982,
  author = {John O'Loughlin},
  title = {The Identification and Evaluation of Racial Gerrymandering},
  journal = {The Annals of the Association of American Geographers},
  year = {1982},
  volume = {70},
  pages = {353--70}
}

@ARTICLE{Ocana+Onate:2011,
  author = {Francisco A. Oca{\~n}a and Pablo O{\~n}ate},
  title = {\pkg{IndElec}: A Software for Analyzing Party Systems and Electoral
	Systems},
  journal = {Journal of Statistical Software},
  year = {2011},
  note = {Forthcoming},
  url = {http://www.jstatsoft.org/}
}

@BOOK{Parker:1990,
  title = {Black Votes Count},
  publisher = {University of North Carolina Press},
  year = {1990},
  author = {Frank R. Parker}
}

@ARTICLE{Pemstein+Quinn+Martin:2011,
  author = {Daniel Pemstein and Kevin M. Quinn and Andrew D. Martin},
  title = {The \pkg{Scythe} Statistical Library: An Open Source \proglang{C++}
	Library for Statistical Computation},
  journal = {Journal of Statistical Software},
  year = {2011},
  note = {Forthcoming},
  url = {http://www.jstatsoft.org/}
}

@ARTICLE{Poole+Lewis+Lo:2011,
  author = {Keith Poole and Jeffrey Lewis and James Lo and Royce Carroll},
  title = {Scaling Roll Call Votes with \pkg{wnominate} in \proglang{R}},
  journal = {Journal of Statistical Software},
  year = {2011},
  note = {Forthcoming},
  url = {http://www.jstatsoft.org/}
}

@ARTICLE{Rogerson+Yang:1999,
  author = {Peter A. Rogerson and Zongxian Yang},
  title = {The Effects of Spatial Population Distributions and Political Districting
	on Minority Populations},
  journal = {Social Science Computer Review},
  year = {1999},
  volume = {17},
  number = {1},
  page = {27--39}
}

@ARTICLE{Rossini+Tierney+Li:2007,
  author = {A.J. Rossini and Luke Tierney and Na Li},
  title = {Simple Parallel Statistical Computing in R},
  journal = {Journal of Computational and Graphical Statistics},
  year = {2007},
  volume = {16},
  pages = {399--420},
  number = {2}
}

@ARTICLE{Rossiter+Johnston:1981,
  author = {D.J. Rossiter and Ronald J. Johnston},
  title = {Program \pkg{GROUP}: the Identification of all Possible Solutions
	to a Constituency-Delimitation Problem},
  journal = {Environment and Planning},
  year = {1981},
  volume = {13},
  pages = {231--8}
}

@ARTICLE{Samuelson:1948,
  author = {Paul A. Samuelson},
  title = {Consumption Theory in Terms of Revealed Preference},
  journal = {Econometrica},
  year = {1948},
  volume = {15},
  pages = {243--253}
}

@ARTICLE{Sekhon:2011,
  author = {Jasjeet S. Sekhon},
  title = {Multivariate and Propensity Score Matching Software with Automated
	Balance Optimization: The \pkg{Matching} Package for \proglang{R}},
  journal = {Journal of Statistical Software},
  year = {2011},
  note = {Forthcoming},
  url = {http://www.jstatsoft.org/}
}

@ARTICLE{Tufte:1973,
  author = {Edward R. Tufte},
  title = {The Relationship between Seats and Votes in Two-Party Systems},
  journal = {The American Political Science Review},
  year = {1973},
  volume = {67},
  pages = {540--554},
  number = {2}
}

@ARTICLE{Vickrey:1961,
  author = {William Vickrey},
  title = {On the Prevention of Gerrymandering},
  journal = {Political Science quarterly},
  year = {1961},
  volume = {76},
  pages = {105--110}
}

@ARTICLE{Wand+King:2011,
  author = {Jonathan Wand and Gary King},
  title = {\pkg{Anchors}: Software for Anchoring Vignette Data},
  journal = {Journal of Statistical Software},
  year = {2011},
  note = {Forthcoming},
  url = {http://www.jstatsoft.org/}
}

@ARTICLE{Weaver+Hess:1963,
  author = {James B. Weaver and Sidney W. Hess},
  title = {A Procedure for Nonpartisan Districting: Development of Computer
	Techniques},
  journal = {The Yale Law Journal},
  year = {1963},
  volume = {72},
  pages = {288--308},
  number = {2}
}

@ARTICLE{Wolpert+Macready:1997,
  author = { D.H. Wolpert and W.G. Macready},
  title = {No Free Lunch Theorems for Optimization},
  journal = {IEEE Transactions on Evolutionary Computation},
  year = {1997},
  volume = {1},
  pages = {67--82},
  number = {1}
}

@ARTICLE{Xiao:2006,
  author = {Ningchuan Xiao},
  title = {An Evolutionary Algorithm for Site Search Problems},
  journal = {Geographical Analysis},
  year = {2006},
  volume = {38},
  pages = {227--47}
}

@PHDTHESIS{Xiao:2003,
  author = {Ningchuan Xiao},
  title = {Geographical Optimization using Evolutionary Algorithms},
  school = {University of Iowa},
  year = {2003}
}


@MANUAL{R,
  title = {\proglang{R}: A Language and Environment for Statistical Computing},
  author = {{\proglang{R} Development Core Team}},
  organization = {\proglang{R} Foundation for Statistical Computing},
  address = {Vienna, Austria},
  year = {2011},
  note = {{ISBN} 3-900051-07-0},
  url = {http://www.R-project.org/}
}

